@article{zhuravlev78,
   author = "Журавлёв, Ю. И.",
   title = "Об алгебраическом подходе к решению задач распознавания или классификации. — Вып.33",
   journal = "Проблемы кибернетики",
   pages = "5–68",
   url = "http://www.ccas.ru/frc/papers/zhuravlev78prob33.pdf",
   year = "1978",
   language = russian
 }

@book{lukashin2003,
   author = "Лукашин Ю.П.",
   title = "Адаптивные методы краткосрочного прогнозирования временных рядов",
   year = "2003",
   publisher="Финансы и статистика",
   numpages=416
   language = russian
 }
